@online{
 	emulator_def, 
 	author={Merriam-Webster},
 	title={Emulator Definition and Meaning},
	url={https://www.merriam-webster.com/dictionary/emulator},
	urldate={2022-03-02},
	year={2022},
	month={Mar}
}

@online{
	emulator_origin,
	author={Aaron Kaluszka},
	title={Computer Emulation, History},
	url={https://kaluszka.com/vt/emulation/history.html},
	urldate={2022-03-03},
	year={2001},
	month={Dec}
}

@online{
	ibm_emulation,
	author={IBM},
	title={709/7090/7094/7094 {II} Compatibility Feature for {IBM} {System}/370 Models 165, 165 {II}, and 168},
	url={http://bitsavers.org/pdf/ibm/370/compatibility_feature/GA22-6955-1_709x_Compatibility_Feature_for_IBM-370_165_168.pdf},
	urldate={2022-03-03},
	year={1973}
}

@online{
	emu_in_design,
	author={Peter Magnusson},
	title={Full System Simulation: Software Development's Missing Link},
	url={https://www.computerworld.com/article/2567652/full-system-simulation--software-development-s-missing-link.html},
	urldate={2022-03-07},
	year={2004},
	month={Oct}
}

@online{
	first_nes_emu,
	author={MyaMyaMya},
	title={First {Famicom}/{NES} Emulator? - {Zophar's} {Domain}},
	url={https://www.zophar.net/forums/index.php?threads/first-famicom-nes-emulator.10169/},
	urldate={2022-03-07},
	year={2009},
	month={Jan}
}

@online{
	first_gb_emus,
	author={Emulation General Wiki},
	title={History of Emulation},
	url={https://emulation.gametechwiki.com/index.php/History_of_emulation#Game_Boy.2FColor},
	urldate={2022-03-07},
	year={2023},
	month={Jan}
}