@online{
 	emulator_def, 
 	author={Merriam Webster}
 	title={Emulator Definition & Meaning}
	url={https://www.merriam-webster.com/dictionary/emulator},
	urldate={2022-03-02}
	year={2022}
	month={Mar}
}
